<?xml version="1.0" encoding="UTF-8"?>
  <record xmlns="http://www.loc.gov/MARC21/slim" type="Authority">
    <leader>00000nz  a2200000nc 4500</leader>
    <controlfield tag="001">118501607</controlfield>
    <controlfield tag="003">DE-101</controlfield>
    <controlfield tag="005">20210425175316.0</controlfield>
    <controlfield tag="008">880701n||azznnaabn           | aaa    |c</controlfield>
    <datafield tag="024" ind1="7" ind2=" ">
      <subfield code="a">118501607</subfield>
      <subfield code="0">http://d-nb.info/gnd/118501607</subfield>
      <subfield code="2">gnd</subfield>
    </datafield>
    <datafield tag="035" ind1=" " ind2=" ">
      <subfield code="a">(DE-101)118501607</subfield>
    </datafield>
    <datafield tag="035" ind1=" " ind2=" ">
      <subfield code="a">(DE-588)118501607</subfield>
    </datafield>
    <datafield tag="035" ind1=" " ind2=" ">
      <subfield code="z">(DE-588)1158773617</subfield>
    </datafield>
    <datafield tag="035" ind1=" " ind2=" ">
      <subfield code="z">(DE-588)1089135270</subfield>
    </datafield>
    <datafield tag="035" ind1=" " ind2=" ">
      <subfield code="z">(DE-588a)118501607</subfield>
      <subfield code="9">v:zg</subfield>
    </datafield>
    <datafield tag="035" ind1=" " ind2=" ">
      <subfield code="z">(DE-588c)4001072-7</subfield>
      <subfield code="9">v:zg</subfield>
    </datafield>
    <datafield tag="040" ind1=" " ind2=" ">
      <subfield code="a">DE-101</subfield>
      <subfield code="c">DE-101</subfield>
      <subfield code="9">r:DE-101</subfield>
      <subfield code="b">ger</subfield>
      <subfield code="d">1841</subfield>
    </datafield>
    <datafield tag="042" ind1=" " ind2=" ">
      <subfield code="a">gnd1</subfield>
    </datafield>
    <datafield tag="043" ind1=" " ind2=" ">
      <subfield code="c">XA-DE</subfield>
    </datafield>
    <datafield tag="065" ind1=" " ind2=" ">
      <subfield code="a">16.5p</subfield>
      <subfield code="2">sswd</subfield>
    </datafield>
    <datafield tag="075" ind1=" " ind2=" ">
      <subfield code="b">p</subfield>
      <subfield code="2">gndgen</subfield>
    </datafield>
    <datafield tag="075" ind1=" " ind2=" ">
      <subfield code="b">pik</subfield>
      <subfield code="2">gndspec</subfield>
    </datafield>
    <datafield tag="079" ind1=" " ind2=" ">
      <subfield code="a">g</subfield>
      <subfield code="q">f</subfield>
      <subfield code="q">h</subfield>
      <subfield code="q">o</subfield>
      <subfield code="q">s</subfield>
      <subfield code="u">w</subfield>
    </datafield>
    <datafield tag="100" ind1="0" ind2=" ">
      <subfield code="a">Albrecht</subfield>
      <subfield code="b">I.</subfield>
      <subfield code="c">Heiliges Römisches Reich, König</subfield>
      <subfield code="d">1255-1308</subfield>
    </datafield>
    <datafield tag="375" ind1=" " ind2=" ">
      <subfield code="a">1</subfield>
      <subfield code="2">iso5218</subfield>
    </datafield>
    <datafield tag="400" ind1="0" ind2=" ">
      <subfield code="a">Albrecht</subfield>
      <subfield code="c">von Habsburg</subfield>
      <subfield code="d">1255-1308</subfield>
      <subfield code="9">v:Vorlage</subfield>
    </datafield>
    <datafield tag="400" ind1="0" ind2=" ">
      <subfield code="a">Albrecht</subfield>
      <subfield code="b">I.</subfield>
      <subfield code="c">Österreich, Herzog</subfield>
      <subfield code="d">1255-1308</subfield>
    </datafield>
    <datafield tag="400" ind1="0" ind2=" ">
      <subfield code="a">Albertus</subfield>
      <subfield code="c">Austriacus</subfield>
      <subfield code="d">1255-1308</subfield>
      <subfield code="9">v:B 1996</subfield>
    </datafield>
    <datafield tag="400" ind1="0" ind2=" ">
      <subfield code="a">Albert</subfield>
      <subfield code="b">I.</subfield>
      <subfield code="c">Keiser</subfield>
      <subfield code="d">1255-1308</subfield>
      <subfield code="9">v:Vorlage, dän.</subfield>
    </datafield>
    <datafield tag="400" ind1="0" ind2=" ">
      <subfield code="9">L:fre</subfield>
      <subfield code="a">Albrecht</subfield>
      <subfield code="b">I</subfield>
      <subfield code="c">Roi de l'Empire Romain-Germanique</subfield>
      <subfield code="d">1255-1308</subfield>
      <subfield code="5">CH-GND</subfield>
    </datafield>
    <datafield tag="400" ind1="0" ind2=" ">
      <subfield code="9">L:eng</subfield>
      <subfield code="a">Albrecht</subfield>
      <subfield code="b">I</subfield>
      <subfield code="c">King of the Roman-German Empire</subfield>
      <subfield code="d">1255-1308</subfield>
      <subfield code="5">CH-GND</subfield>
    </datafield>
    <datafield tag="400" ind1="0" ind2=" ">
      <subfield code="a">Albrecht</subfield>
      <subfield code="c">von Habsburg, König des Römisch-Deutschen Reiches</subfield>
      <subfield code="d">1255-1308</subfield>
    </datafield>
    <datafield tag="400" ind1="0" ind2=" ">
      <subfield code="a">Albrecht</subfield>
      <subfield code="c">von Habsburg, Roi de l'Empire Romain-Germanique</subfield>
      <subfield code="d">1255-1308</subfield>
    </datafield>
    <datafield tag="400" ind1="0" ind2=" ">
      <subfield code="a">Albrecht</subfield>
      <subfield code="c">von Habsburg, King of the Roman-German Empire</subfield>
      <subfield code="d">1255-1308</subfield>
    </datafield>
    <datafield tag="400" ind1="1" ind2=" ">
      <subfield code="a">Habsburg, Albrecht &#152;von&#156;</subfield>
      <subfield code="c">König des Römisch-Deutschen Reiches</subfield>
      <subfield code="d">1255-1308</subfield>
    </datafield>
    <datafield tag="400" ind1="1" ind2=" ">
      <subfield code="a">Habsburg, Albrecht &#152;von&#156;</subfield>
      <subfield code="c">Roi de l'Empire Romain-Germanique</subfield>
      <subfield code="d">1255-1308</subfield>
    </datafield>
    <datafield tag="400" ind1="1" ind2=" ">
      <subfield code="a">Habsburg, Albrecht &#152;von&#156;</subfield>
      <subfield code="c">King of the Roman-German Empire</subfield>
      <subfield code="d">1255-1308</subfield>
    </datafield>
    <datafield tag="400" ind1="0" ind2=" ">
      <subfield code="a">Albrecht</subfield>
      <subfield code="b">I</subfield>
      <subfield code="c">Herzog von Österreich und Steiermark</subfield>
      <subfield code="d">1255-1308</subfield>
    </datafield>
    <datafield tag="400" ind1="0" ind2=" ">
      <subfield code="a">Albrecht</subfield>
      <subfield code="b">I</subfield>
      <subfield code="c">Duc d'Autriche et de Styrie</subfield>
      <subfield code="d">1255-1308</subfield>
    </datafield>
    <datafield tag="400" ind1="0" ind2=" ">
      <subfield code="a">Albrecht</subfield>
      <subfield code="b">I</subfield>
      <subfield code="c">Duke of Austria and Styria</subfield>
      <subfield code="d">1255-1308</subfield>
    </datafield>
    <datafield tag="400" ind1="0" ind2=" ">
      <subfield code="a">Alberto</subfield>
      <subfield code="b">I</subfield>
      <subfield code="c">König des Römisch-Deutschen Reiches</subfield>
      <subfield code="d">1255-1308</subfield>
    </datafield>
    <datafield tag="400" ind1="0" ind2=" ">
      <subfield code="a">Alberto</subfield>
      <subfield code="b">I</subfield>
      <subfield code="c">Roi de l'Empire Romain-Germanique</subfield>
      <subfield code="d">1255-1308</subfield>
    </datafield>
    <datafield tag="400" ind1="0" ind2=" ">
      <subfield code="a">Alberto</subfield>
      <subfield code="b">I</subfield>
      <subfield code="c">King of the Roman-German Empire</subfield>
      <subfield code="d">1255-1308</subfield>
    </datafield>
    <datafield tag="500" ind1="0" ind2=" ">
      <subfield code="0">(DE-101)11860371X</subfield>
      <subfield code="0">(DE-588)11860371X</subfield>
      <subfield code="0">https://d-nb.info/gnd/11860371X</subfield>
      <subfield code="a">Rudolf</subfield>
      <subfield code="b">I.</subfield>
      <subfield code="c">Heiliges Römisches Reich, König</subfield>
      <subfield code="d">1218-1291</subfield>
      <subfield code="4">bezf</subfield>
      <subfield code="4">https://d-nb.info/standards/elementset/gnd#familialRelationship</subfield>
      <subfield code="w">r</subfield>
      <subfield code="i">Beziehung familiaer</subfield>
      <subfield code="e">Beziehung familiaer</subfield>
      <subfield code="9">v:Vater</subfield>
    </datafield>
    <datafield tag="500" ind1="0" ind2=" ">
      <subfield code="0">(DE-101)123579783</subfield>
      <subfield code="0">(DE-588)123579783</subfield>
      <subfield code="0">https://d-nb.info/gnd/123579783</subfield>
      <subfield code="a">Anna</subfield>
      <subfield code="c">Heiliges Römisches Reich, Königin</subfield>
      <subfield code="d">1225-1281</subfield>
      <subfield code="4">bezf</subfield>
      <subfield code="4">https://d-nb.info/standards/elementset/gnd#familialRelationship</subfield>
      <subfield code="w">r</subfield>
      <subfield code="i">Beziehung familiaer</subfield>
      <subfield code="e">Beziehung familiaer</subfield>
      <subfield code="9">v:Mutter</subfield>
    </datafield>
    <datafield tag="500" ind1="0" ind2=" ">
      <subfield code="0">(DE-101)137797877</subfield>
      <subfield code="0">(DE-588)137797877</subfield>
      <subfield code="0">https://d-nb.info/gnd/137797877</subfield>
      <subfield code="a">Rudolf</subfield>
      <subfield code="c">Österreich und Steiermark, Herzog</subfield>
      <subfield code="d">1271-1290</subfield>
      <subfield code="4">bezf</subfield>
      <subfield code="4">https://d-nb.info/standards/elementset/gnd#familialRelationship</subfield>
      <subfield code="w">r</subfield>
      <subfield code="i">Beziehung familiaer</subfield>
      <subfield code="e">Beziehung familiaer</subfield>
      <subfield code="9">v:Bruder</subfield>
    </datafield>
    <datafield tag="500" ind1="0" ind2=" ">
      <subfield code="0">(DE-101)119324660</subfield>
      <subfield code="0">(DE-588)119324660</subfield>
      <subfield code="0">https://d-nb.info/gnd/119324660</subfield>
      <subfield code="a">Elisabeth</subfield>
      <subfield code="c">Heiliges Römisches Reich, Königin, ca. 1262-1313</subfield>
      <subfield code="d">1262-1313</subfield>
      <subfield code="4">bezf</subfield>
      <subfield code="4">https://d-nb.info/standards/elementset/gnd#familialRelationship</subfield>
      <subfield code="w">r</subfield>
      <subfield code="i">Beziehung familiaer</subfield>
      <subfield code="e">Beziehung familiaer</subfield>
      <subfield code="9">v:Ehefrau</subfield>
    </datafield>
    <datafield tag="500" ind1="0" ind2=" ">
      <subfield code="0">(DE-101)122191447</subfield>
      <subfield code="0">(DE-588)122191447</subfield>
      <subfield code="0">https://d-nb.info/gnd/122191447</subfield>
      <subfield code="a">Agnes</subfield>
      <subfield code="c">Ungarn, Königin</subfield>
      <subfield code="d">1281-1364</subfield>
      <subfield code="4">bezf</subfield>
      <subfield code="4">https://d-nb.info/standards/elementset/gnd#familialRelationship</subfield>
      <subfield code="w">r</subfield>
      <subfield code="i">Beziehung familiaer</subfield>
      <subfield code="e">Beziehung familiaer</subfield>
      <subfield code="9">v:Tochter</subfield>
    </datafield>
    <datafield tag="500" ind1="0" ind2=" ">
      <subfield code="0">(DE-101)128689056</subfield>
      <subfield code="0">(DE-588)128689056</subfield>
      <subfield code="0">https://d-nb.info/gnd/128689056</subfield>
      <subfield code="a">Rudolf</subfield>
      <subfield code="b">I.</subfield>
      <subfield code="c">Böhmen, König</subfield>
      <subfield code="d">1282-1307</subfield>
      <subfield code="4">bezf</subfield>
      <subfield code="4">https://d-nb.info/standards/elementset/gnd#familialRelationship</subfield>
      <subfield code="w">r</subfield>
      <subfield code="i">Beziehung familiaer</subfield>
      <subfield code="e">Beziehung familiaer</subfield>
      <subfield code="9">v:Sohn</subfield>
    </datafield>
    <datafield tag="500" ind1="0" ind2=" ">
      <subfield code="0">(DE-101)118535781</subfield>
      <subfield code="0">(DE-588)118535781</subfield>
      <subfield code="0">https://d-nb.info/gnd/118535781</subfield>
      <subfield code="a">Friedrich</subfield>
      <subfield code="c">Heiliges Römisches Reich, König</subfield>
      <subfield code="d">1289-1330</subfield>
      <subfield code="4">bezf</subfield>
      <subfield code="4">https://d-nb.info/standards/elementset/gnd#familialRelationship</subfield>
      <subfield code="w">r</subfield>
      <subfield code="i">Beziehung familiaer</subfield>
      <subfield code="e">Beziehung familiaer</subfield>
      <subfield code="9">v:Sohn</subfield>
    </datafield>
    <datafield tag="500" ind1="0" ind2=" ">
      <subfield code="0">(DE-101)132963892</subfield>
      <subfield code="0">(DE-588)132963892</subfield>
      <subfield code="0">https://d-nb.info/gnd/132963892</subfield>
      <subfield code="a">Leopold</subfield>
      <subfield code="b">I.</subfield>
      <subfield code="c">Österreich, Herzog</subfield>
      <subfield code="d">1290-1326</subfield>
      <subfield code="4">bezf</subfield>
      <subfield code="4">https://d-nb.info/standards/elementset/gnd#familialRelationship</subfield>
      <subfield code="w">r</subfield>
      <subfield code="i">Beziehung familiaer</subfield>
      <subfield code="e">Beziehung familiaer</subfield>
      <subfield code="9">v:Sohn</subfield>
    </datafield>
    <datafield tag="500" ind1="0" ind2=" ">
      <subfield code="0">(DE-101)118848399</subfield>
      <subfield code="0">(DE-588)118848399</subfield>
      <subfield code="0">https://d-nb.info/gnd/118848399</subfield>
      <subfield code="a">Albrecht</subfield>
      <subfield code="b">II.</subfield>
      <subfield code="c">Österreich, Herzog</subfield>
      <subfield code="d">1298-1358</subfield>
      <subfield code="4">bezf</subfield>
      <subfield code="4">https://d-nb.info/standards/elementset/gnd#familialRelationship</subfield>
      <subfield code="w">r</subfield>
      <subfield code="i">Beziehung familiaer</subfield>
      <subfield code="e">Beziehung familiaer</subfield>
      <subfield code="9">v:Sohn</subfield>
    </datafield>
    <datafield tag="500" ind1="0" ind2=" ">
      <subfield code="0">(DE-101)132963981</subfield>
      <subfield code="0">(DE-588)132963981</subfield>
      <subfield code="0">https://d-nb.info/gnd/132963981</subfield>
      <subfield code="a">Heinrich</subfield>
      <subfield code="b">I.</subfield>
      <subfield code="c">Österreich, Herzog</subfield>
      <subfield code="d">1299-1327</subfield>
      <subfield code="4">bezf</subfield>
      <subfield code="4">https://d-nb.info/standards/elementset/gnd#familialRelationship</subfield>
      <subfield code="w">r</subfield>
      <subfield code="i">Beziehung familiaer</subfield>
      <subfield code="e">Beziehung familiaer</subfield>
      <subfield code="9">v:Sohn</subfield>
    </datafield>
    <datafield tag="500" ind1="0" ind2=" ">
      <subfield code="0">(DE-101)103115099</subfield>
      <subfield code="0">(DE-588)103115099</subfield>
      <subfield code="0">https://d-nb.info/gnd/103115099</subfield>
      <subfield code="a">Otto</subfield>
      <subfield code="c">der Fröhliche, Österreich, Herzog</subfield>
      <subfield code="d">1301-1339</subfield>
      <subfield code="4">bezf</subfield>
      <subfield code="4">https://d-nb.info/standards/elementset/gnd#familialRelationship</subfield>
      <subfield code="w">r</subfield>
      <subfield code="i">Beziehung familiaer</subfield>
      <subfield code="e">Beziehung familiaer</subfield>
      <subfield code="9">v:Sohn</subfield>
    </datafield>
    <datafield tag="500" ind1="0" ind2=" ">
      <subfield code="0">(DE-101)13626347X</subfield>
      <subfield code="0">(DE-588)13626347X</subfield>
      <subfield code="0">https://d-nb.info/gnd/13626347X</subfield>
      <subfield code="a">Johann Parricida</subfield>
      <subfield code="d">1290-1313</subfield>
      <subfield code="4">bezf</subfield>
      <subfield code="4">https://d-nb.info/standards/elementset/gnd#familialRelationship</subfield>
      <subfield code="w">r</subfield>
      <subfield code="i">Beziehung familiaer</subfield>
      <subfield code="e">Beziehung familiaer</subfield>
      <subfield code="9">v:Neffe</subfield>
    </datafield>
    <datafield tag="500" ind1="0" ind2=" ">
      <subfield code="0">(DE-101)13626347X</subfield>
      <subfield code="0">(DE-588)13626347X</subfield>
      <subfield code="0">https://d-nb.info/gnd/13626347X</subfield>
      <subfield code="a">Johann Parricida</subfield>
      <subfield code="d">1290-1313</subfield>
      <subfield code="4">beza</subfield>
      <subfield code="4">https://d-nb.info/standards/elementset/gnd#acquaintanceshipOrFriendship</subfield>
      <subfield code="w">r</subfield>
      <subfield code="i">Bekanntschaft</subfield>
      <subfield code="e">Bekanntschaft</subfield>
      <subfield code="9">v:Mörder</subfield>
    </datafield>
    <datafield tag="548" ind1=" " ind2=" ">
      <subfield code="a">1255-1308</subfield>
      <subfield code="4">datl</subfield>
      <subfield code="4">https://d-nb.info/standards/elementset/gnd#dateOfBirthAndDeath</subfield>
      <subfield code="w">r</subfield>
      <subfield code="i">Lebensdaten</subfield>
    </datafield>
    <datafield tag="548" ind1=" " ind2=" ">
      <subfield code="a">XX.07.1255-01.05.1308</subfield>
      <subfield code="4">datx</subfield>
      <subfield code="4">https://d-nb.info/standards/elementset/gnd#dateOfBirthAndDeath</subfield>
      <subfield code="w">r</subfield>
      <subfield code="i">Exakte Lebensdaten</subfield>
    </datafield>
    <datafield tag="550" ind1=" " ind2=" ">
      <subfield code="0">(DE-101)040315169</subfield>
      <subfield code="0">(DE-588)4031516-2</subfield>
      <subfield code="0">https://d-nb.info/gnd/4031516-2</subfield>
      <subfield code="a">König</subfield>
      <subfield code="4">adel</subfield>
      <subfield code="4">https://d-nb.info/standards/elementset/gnd#titleOfNobility</subfield>
      <subfield code="w">r</subfield>
      <subfield code="i">Adelstitel</subfield>
    </datafield>
    <datafield tag="551" ind1=" " ind2=" ">
      <subfield code="0">(DE-101)040497534</subfield>
      <subfield code="0">(DE-588)4049753-7</subfield>
      <subfield code="0">https://d-nb.info/gnd/4049753-7</subfield>
      <subfield code="a">Rheinfelden</subfield>
      <subfield code="g">Aargau</subfield>
      <subfield code="4">ortg</subfield>
      <subfield code="4">https://d-nb.info/standards/elementset/gnd#placeOfBirth</subfield>
      <subfield code="w">r</subfield>
      <subfield code="i">Geburtsort</subfield>
    </datafield>
    <datafield tag="551" ind1=" " ind2=" ">
      <subfield code="0">(DE-101)042075912</subfield>
      <subfield code="0">(DE-588)4207591-9</subfield>
      <subfield code="0">https://d-nb.info/gnd/4207591-9</subfield>
      <subfield code="a">Königsfelden</subfield>
      <subfield code="4">orts</subfield>
      <subfield code="4">https://d-nb.info/standards/elementset/gnd#placeOfDeath</subfield>
      <subfield code="w">r</subfield>
      <subfield code="i">Sterbeort</subfield>
    </datafield>
    <datafield tag="667" ind1=" " ind2=" ">
      <subfield code="a">VD-17</subfield>
    </datafield>
    <datafield tag="670" ind1=" " ind2=" ">
      <subfield code="a">M</subfield>
    </datafield>
    <datafield tag="670" ind1=" " ind2=" ">
      <subfield code="a">B 1986</subfield>
    </datafield>
    <datafield tag="670" ind1=" " ind2=" ">
      <subfield code="a">Wikipedia</subfield>
      <subfield code="u">https://de.wikipedia.org/wiki/Albrecht_I._(HRR)</subfield>
    </datafield>
    <datafield tag="670" ind1=" " ind2=" ">
      <subfield code="a">CERL Thesaurus</subfield>
    </datafield>
    <datafield tag="678" ind1=" " ind2=" ">
      <subfield code="b">Römisch-deutscher König aus der Familie der Habsburger; Herzog von Österreich und Steiermark</subfield>
    </datafield>
    <datafield tag="913" ind1=" " ind2=" ">
      <subfield code="S">pnd</subfield>
      <subfield code="i">5</subfield>
      <subfield code="a">Albrecht &lt;Römisch-Deutsches Reich, König, I.&gt;</subfield>
      <subfield code="0">(DE-588a)118501607</subfield>
    </datafield>
  </record>
